@incollection{rubin2013survey,
  title={A survey of feature location techniques},
  author={Rubin, Julia and Chechik, Marsha},
  booktitle={Domain Engineering},
  pages={29--58},
  year={2013},
  publisher={Springer}
}

@book{pohl2005software,
  title={Software product line engineering: foundations, principles and techniques},
  author={Pohl, Klaus and B{\"o}ckle, G{\"u}nter and van Der Linden, Frank J},
  year={2005},
  publisher={Springer Science \& Business Media}
}

@article{dit2013feature,
  title={Feature location in source code: a taxonomy and survey},
  author={Dit, Bogdan and Revelle, Meghan and Gethers, Malcom and Poshyvanyk, Denys},
  journal={Journal of Software: Evolution and Process},
  volume={25},
  number={1},
  pages={53--95},
  year={2013},
  publisher={Wiley Online Library}
}

@article{zhao2006sniafl,
  title={SNIAFL: Towards a static noninteractive approach to feature location},
  author={Zhao, Wei and Zhang, Lu and Liu, Yin and Sun, Jiasu and Yang, Fuqing},
  journal={ACM Transactions on Software Engineering and Methodology (TOSEM)},
  volume={15},
  number={2},
  pages={195--226},
  year={2006},
  publisher={ACM}
}

@BOOK{KR00,
  title = {{Case Study of Feature Location Using Dependence Graph}},
  publisher = {IWPC},
  year = {2000},
  author = {Kunrong Chen, VÃ¡clav Rajlich},
  keywords = {Feature Location, dependecy graph},
  pages = {241-249}
}

@inproceedings{chen2000case,
  title={Case Study of Feature Location Using Dependence Graph.},
  author={Chen, Kunrong and Rajlich, V{\'a}clav},
  booktitle={IWPC},
  pages={241--247},
  year={2000},
  organization={Citeseer}
}

@MISC{FrM16,
  title = {{Freemind website {\tt http://freemind.sourceforge.net/}}},
  year = {2016},
  month = {october},
  date = {2016-10-28},
  key = {www},
  mylabel = {www},
  timestamp = {2016.10.28}
}

@MISC{SPL,
  title = {{ Software Product Lines  {\tt http://www.sei.cmu.edu/productlines/}}},
  year = {2016},
  month = {november},
  date = {2016-11-28},
  key = {www},
  mylabel = {www},
  timestamp = {2016.11.28}
}

@misc{wiki:Softwarefeature,
   author = "Wikipedia",
   title = "Plagiarism --- {W}ikipedia{,} The Free Encyclopedia",
   year = "2004",
   url = "\url{https://en.wikipedia.org/wiki/Software_feature}",
   note = "[Online; accessed 22-July-2004]"
 }

@misc{ wiki:HITS,
   author = "Wikipedia",
   title = "Plagiarism --- {W}ikipedia{,} The Free Encyclopedia",
   year = "2004",
   url = "\url{https://en.wikipedia.org/wiki/HITS_algorithm}",
   note = "[Online; accessed 13-December-2016]"
 }

@inproceedings{shepherd2007using,
	title={Using natural language program analysis to locate and understand action-oriented concerns},
	author={Shepherd, David and Fry, Zachary P and Hill, Emily and Pollock, Lori and Vijay-Shanker, K},
	booktitle={Proceedings of the 6th international conference on Aspect-oriented software development},
	pages={212--224},
	year={2007},
	organization={ACM}
}

@inproceedings{hill2007exploring,
	title={Exploring the neighborhood with dora to expedite software maintenance},
	author={Hill, Emily and Pollock, Lori and Vijay-Shanker, K},
	booktitle={Proceedings of the twenty-second IEEE/ACM international conference on Automated software engineering},
	pages={14--23},
	year={2007},
	organization={ACM}
}
